% Need somethin in here so bibtex doesn't whine. 
@techreport{iso_iec_14882:2011,
    author = {{The C++ Standards Committee}},
    title =  {{ISO/IEC 14882:2011, Standard for Programming Language C++}},
    year = 2011,
    url = {http://www.open-std.org/jtc1/sc22/wg21},
    note = {http://www.open-std.org/jtc1/sc22/wg21},
}
